@INPROCEEDINGS{shi-tomasi,
  author={ {Jianbo Shi} and  {Tomasi}},
  booktitle={1994 Proceedings of IEEE Conference on Computer Vision and Pattern Recognition}, 
  title={Good features to track}, 
  year={1994},
  volume={},
  number={},
  pages={593-600},
  doi={10.1109/CVPR.1994.323794}}

@inproceedings{lucas-kanade,
  title={An iterative image registration technique with an application to stereo vision},
  author={Lucas, Bruce D and Kanade, Takeo and others},
  year={1981},
  organization={Vancouver, British Columbia}
}

@article{kristan2015fast,
  title={Fast image-based obstacle detection from unmanned surface vehicles},
  author={Kristan, Matej and Kenk, Vildana Suli{\'c} and Kova{\v{c}}i{\v{c}}, Stanislav and Per{\v{s}}, Janez},
  journal={IEEE transactions on cybernetics},
  volume={46},
  number={3},
  pages={641--654},
  year={2015},
  publisher={IEEE}
}

@inproceedings{kristan2014graphical,
  title={A graphical model for rapid obstacle image-map estimation from unmanned surface vehicles},
  author={Kristan, Matej and Per{\v{s}}, Janez and Suli{\v{c}}, Vildana and Kova{\v{c}}i{\v{c}}, Stanislav},
  booktitle={Asian Conference on Computer Vision},
  pages={391--406},
  year={2014},
  organization={Springer}
}

@misc{Stelynx_SOFOT,
  author = {GitHub / Stelynx},
  title = {{SOFOT - Stelynx Optical Flow-based Object Tracker}},
  howpublished = {\url{https://github.com/stelynx/sofot}},
  note = {Accessed: 2020-02-21}
}

@ARTICLE{1195991,
  author={D. {Comaniciu} and V. {Ramesh} and P. {Meer}},
  journal={IEEE Transactions on Pattern Analysis and Machine Intelligence}, 
  title={Kernel-based object tracking}, 
  year={2003},
  volume={25},
  number={5},
  pages={564-577},
  doi={10.1109/TPAMI.2003.1195991}}

@inproceedings{bewley2016simple,
  title={Simple online and realtime tracking},
  author={Bewley, Alex and Ge, Zongyuan and Ott, Lionel and Ramos, Fabio and Upcroft, Ben},
  booktitle={2016 IEEE international conference on image processing (ICIP)},
  pages={3464--3468},
  year={2016},
  organization={IEEE}
}

@inproceedings{wojke2017simple,
  title={Simple online and realtime tracking with a deep association metric},
  author={Wojke, Nicolai and Bewley, Alex and Paulus, Dietrich},
  booktitle={2017 IEEE international conference on image processing (ICIP)},
  pages={3645--3649},
  year={2017},
  organization={IEEE}
}

@article{mahmoudi2019multi,
  title={Multi-target tracking using CNN-based features: CNNMTT},
  author={Mahmoudi, Nima and Ahadi, Seyed Mohammad and Rahmati, Mohammad},
  journal={Multimedia Tools and Applications},
  volume={78},
  number={6},
  pages={7077--7096},
  year={2019},
  publisher={Springer}
}

@inproceedings{fortmann1980multi,
  title={Multi-target tracking using joint probabilistic data association},
  author={Fortmann, Thomas E and Bar-Shalom, Yaakov and Scheffe, Molly},
  booktitle={1980 19th IEEE Conference on Decision and Control including the Symposium on Adaptive Processes},
  pages={807--812},
  year={1980},
  organization={IEEE}
}

@inproceedings{girshick2015fast,
  title={Fast r-cnn},
  author={Girshick, Ross},
  booktitle={Proceedings of the IEEE international conference on computer vision},
  pages={1440--1448},
  year={2015}
}

@article{welch1995introduction,
  title={An introduction to the Kalman filter},
  author={Welch, Greg and Bishop, Gary and others},
  year={1995},
  publisher={Chapel Hill, NC, USA}
}

@article{kuhn1955hungarian,
  title={The Hungarian method for the assignment problem},
  author={Kuhn, Harold W},
  journal={Naval research logistics quarterly},
  volume={2},
  number={1-2},
  pages={83--97},
  year={1955},
  publisher={Wiley Online Library}
}

@INPROCEEDINGS{8078516,
  author={E. {Bochinski} and V. {Eiselein} and T. {Sikora}},
  booktitle={2017 14th IEEE International Conference on Advanced Video and Signal Based Surveillance (AVSS)}, 
  title={High-Speed tracking-by-detection without using image information}, 
  year={2017},
  volume={},
  number={},
  pages={1-6},
  doi={10.1109/AVSS.2017.8078516}}
